<record><leader>00000cas a22000007a 4500</leader><controlfield tag="001">21953220</controlfield><controlfield tag="008">900702d18821887nyudn ne      0    0eng d</controlfield><datafield ind1=" " ind2=" " tag="010"><subfield code="a">sn 90066463 </subfield></datafield><datafield ind1=" " ind2=" " tag="040"><subfield code="a">NYS</subfield><subfield code="b">eng</subfield><subfield code="c">NYS</subfield><subfield code="d">OCLCQ</subfield></datafield><datafield ind1=" " ind2=" " tag="042"><subfield code="a">msc</subfield></datafield><datafield ind1="0" ind2="0" tag="245"><subfield code="a">Owego daily blade.</subfield></datafield><datafield ind1="3" ind2="0" tag="246"><subfield code="a">Owego evening blade</subfield><subfield code="f">Mar. 20, 1884-Jan. 7, 1885</subfield></datafield><datafield ind1=" " ind2=" " tag="260"><subfield code="a">Owego, N.Y. :</subfield><subfield code="b">E.B. Gere</subfield></datafield><datafield ind1=" " ind2=" " tag="300"><subfield code="a">v. ;</subfield><subfield code="c">56 cm.</subfield></datafield><datafield ind1=" " ind2=" " tag="310"><subfield code="a">Daily (except Sunday)</subfield></datafield><datafield ind1="0" ind2=" " tag="362"><subfield code="a">Vol. 1, no. 1 (Nov. 4, 1882)-v. 5, no. 145 (Apr. 23, 1887).</subfield></datafield><datafield ind1=" " ind2=" " tag="500"><subfield code="a">Published as: Owego evening blade, Mar. 20, 1884-Jan. 7, 1885.</subfield></datafield><datafield ind1=" " ind2=" " tag="580"><subfield code="a">Weekly eds.: Owego weekly blade (Owego, N.Y. : 1880), 1882-1884; Owego blade, 1884-1886; and Owego weekly blade (Owego, N.Y. : 1886), 1886-1887.</subfield></datafield><datafield ind1=" " ind2="4" tag="651"><subfield code="a">Owego (N.Y.)</subfield><subfield code="v">Newspapers.</subfield></datafield><datafield ind1=" " ind2=" " tag="752"><subfield code="a">United States</subfield><subfield code="b">New York</subfield><subfield code="c">Tioga</subfield><subfield code="d">Owego.</subfield></datafield><datafield ind1="1" ind2=" " tag="775"><subfield code="t">Owego weekly blade (Owego, N.Y. : 1880)</subfield><subfield code="w">(DLC)sn 90066460</subfield><subfield code="w">(OCoLC)21953265</subfield></datafield><datafield ind1="1" ind2=" " tag="775"><subfield code="t">Owego blade</subfield><subfield code="w">(DLC)sn 90066461</subfield><subfield code="w">(OCoLC)21953338</subfield></datafield><datafield ind1="1" ind2=" " tag="775"><subfield code="t">Owego weekly blade (Owego, N.Y. : 1886)</subfield><subfield code="w">(DLC)sn 90066462</subfield><subfield code="w">(OCoLC)21953394</subfield></datafield><datafield ind1="1" ind2=" " tag="029"><subfield code="a">AU@</subfield><subfield code="b">000025867673</subfield></datafield></record>